<?xml version="1.0" encoding="UTF-8"?><record xmlns="http://www.loc.gov/MARC21/slim" xmlns:cinclude="http://apache.org/cocoon/include/1.0" xmlns:zs="http://www.loc.gov/zing/srw/">
  <leader>00348nz  a2200121n  4500</leader>
  <controlfield tag="001">n  95008557 </controlfield>
  <controlfield tag="003">DLC</controlfield>
  <controlfield tag="005">19950126161628.7</controlfield>
  <controlfield tag="008">950126n| acannaab|          |n aaa |||  </controlfield>
  <datafield tag="010" ind1=" " ind2=" ">
    <subfield code="a">n  95008557 </subfield>
  </datafield>
  <datafield tag="040" ind1=" " ind2=" ">
    <subfield code="a">DLC</subfield>
    <subfield code="c">DLC</subfield>
  </datafield>
  <datafield tag="100" ind1="1" ind2="0">
    <subfield code="a">VillasenĚor, Isabel B.,</subfield>
    <subfield code="d">1965-</subfield>
  </datafield>
  <datafield tag="670" ind1=" " ind2=" ">
    <subfield code="a">Family life, 1995:</subfield>
    <subfield code="b">CIP t.p. (Isabel B. VillasenĚor) data sheet (b. 12-20-1965)</subfield>
  </datafield>
</record>